@Article{bb86866,
	author    = {V. K. Jirsa and K. J. Jantzen and A. Fuchs and J. A. S. Kelso},
	title     = {Spatiotemporal forward solution of the {EEG} and {MEG} using network modeling},
	journal   = {IEEE Trans. Medical Imaging},
	year      = {2002},
	volume    = {21},
	number    = {5},
	pages     = {493--504},
	month     = may,
	bibsource = {http://www.visionbib.com/bibliography/medical881.html#TT83231},
}